@inproceedings{kumar2017data,
  title     = {Data management in machine learning: Challenges, techniques, and systems},
  author    = {Kumar, Arun and Boehm, Matthias and Yang, Jun},
  booktitle = {Proceedings of the 2017 ACM International Conference on Management of Data},
  pages     = {1717--1722},
  year      = {2017}
}

@inproceedings{sagadeeva2021sliceline,
  title     = {Sliceline: Fast, linear-algebra-based slice finding for ml model debugging},
  author    = {Sagadeeva, Svetlana and Boehm, Matthias},
  booktitle = {Proceedings of the 2021 International Conference on Management of Data},
  pages     = {2290--2299},
  year      = {2021}
}

@book{boehm2022data,
  title     = {Data management in machine learning systems},
  author    = {Boehm, Matthias and Kumar, Arun and Yang, Jun},
  year      = {2022},
  publisher = {Springer Nature}
}

@article{boehm2019systemds,
  title   = {SystemDS: A declarative machine learning system for the end-to-end data science lifecycle},
  author  = {Boehm, Matthias and Antonov, Iulian and Baunsgaard, Sebastian and Dokter, Mark and Ginth{\"o}r, Robert and Innerebner, Kevin and Klezin, Florijan and Lindstaedt, Stefanie and Phani, Arnab and Rath, Benjamin and others},
  journal = {arXiv preprint arXiv:1909.02976},
  year    = {2019}
}

@article{balzer1991boltzmann,
  title   = {Weight Quantization in Boltzmann Machines},
  author  = {Balzer, Wofgang and Takahashi, Masanobu and Ohta, Jun and Kyuma, Kazuo},
  journal = {Neural Networks, vol. 4, no. 3, 405-409},
  year    = {1991}
}

@inproceedings{jiang2021efficient,
  title     = {Efficient Quantization Techniques for Deep Neural Networks},
  author    = {Jiang, Chutian},
  booktitle = {Proceedings of the 2021 International Conference on Signal Processing and Machine Learning},
  year      = {2021}
}

@inproceedings{jacob2018quantization,
  title     = {Quantization and Training of Neural Networks for Efficient Integer-Arithmetic-Only Inference},
  author    = {Jacob, Benoit and Kligys, Skirmantas and Chen, Bo and Zhu, Menglong and Tang, Matthew and Howard, Andrew and Adam, Hartwig and Kalenichenko, Dmitry},
  booktitle = {Proceedings of the IEEE Conference on Computer Vision and Pattern Recognition},
  pages     = {2704--2713},
  year      = {2018}
}

@inproceedings{kim2021ibert,
  title     = {I-BERT: Integer-only BERT Quantization},
  author    = {Kim, Sehoon and Gholami, Amir and Yao, Zhewei and Mahoney, Michael W. and Keutzer, Kurt},
  booktitle = {Proceedings of the 38th International Conference on Machine Learning},
  year      = {2021},
  pages     = {5506--5518}
}

@article{bengio2013estimating,
  title     = {Estimating or Propagating Gradients Through Stochastic Neurons for Conditional Computation},
  author    = {Bengio, Yoshua and L{\'e}onard, Nicholas and Courville, Aaron},
  journal   = {arXiv preprint arXiv:1308.3432},
  year      = {2013}
}

@inproceedings{fan2021training,
  title     = {Training with Quantization Noise for Extreme Model Compression},
  author    = {Fan, Angela and Stock, Pierre and Graham, Benjamin and Grave, Edouard and Gribonval, R{\'e}mi and J{\'e}gou, Herv{\'e} and Joulin, Armand},
  booktitle = {Proceedings of the International Conference on Learning Representations (ICLR)},
  year      = {2021},
  organization = {Facebook AI Research, LORIA, Inria}
}

@inproceedings{zhuang2018towards,
  title     = {Towards Effective Low-bitwidth Convolutional Neural Networks},
  author    = {Zhuang, Bohan and Shen, Chunhua and Tan, Mingkui and Liu, Lingqiao and Reid, Ian},
  booktitle = {Proceedings of the IEEE Conference on Computer Vision and Pattern Recognition (CVPR)},
  pages     = {7920--7928},
  year      = {2018}
}

@article{gholami2021survey,
  title     = {A Survey of Quantization Methods for Efficient Neural Network Inference},
  author    = {Gholami, Amir and Kim, Sehoon and Dong, Zhen and Yao, Zhewei and Mahoney, Michael W. and Keutzer, Kurt},
  journal   = {arXiv preprint arXiv:2103.13630},
  year      = {2021},
  institution = {University of California, Berkeley}
}

@article{gray1998quantization,
  title     = {Quantization},
  author    = {Gray, Robert M. and Neuhoff, David L.},
  journal   = {IEEE Transactions on Information Theory},
  volume    = {44},
  number    = {6},
  pages     = {2325--2383},
  year      = {1998}
}

@inproceedings{huang2021lsmq,
  title     = {{LSMQ}: A Layer-Wise Sensitivity-Based Mixed-Precision Quantization Method for Bit-Flexible {CNN} Accelerator},
  author    = {Huang, Yimin and Chen, Kai and Shao, Zhuang and Bai, Yichuan and Huang, Yafeng and Du, Yuan and Du, Li and Wang, Zhongfeng},
  booktitle = {Proceedings of the 18th International SoC Design Conference (ISOCC)}, 
  year      = {2021}
}


@article{krishnamoorthi2018quantizing,
  title   = {Quantizing deep convolutional networks for efficient inference: A whitepaper},
  author  = {Krishnamoorthi, Raghuraman},
  journal = {arXiv preprint arXiv:1806.08342},
  year    = {2018}
}

@inproceedings{courbariaux2015binaryconnect,
  author       = {Matthieu Courbariaux and
                  Yoshua Bengio and
                  Jean{-}Pierre David},
  editor       = {Corinna Cortes and
                  Neil D. Lawrence and
                  Daniel D. Lee and
                  Masashi Sugiyama and
                  Roman Garnett},
  title        = {BinaryConnect: Training Deep Neural Networks with binary weights during
                  propagations},
  booktitle    = {Advances in Neural Information Processing Systems 28: Annual Conference
                  on Neural Information Processing Systems 2015, December 7-12, 2015,
                  Montreal, Quebec, Canada},
  pages        = {3123--3131},
  year         = {2015},
  url          = {https://proceedings.neurips.cc/paper/2015/hash/3e15cc11f979ed25912dff5b0669f2cd-Abstract.html},
  timestamp    = {Mon, 16 May 2022 15:41:51 +0200},
  biburl       = {https://dblp.org/rec/conf/nips/CourbariauxBD15.bib},
  bibsource    = {dblp computer science bibliography, https://dblp.org}
}

@inproceedings{han2016deepcompression,
  author       = {Song Han and
                  Huizi Mao and
                  William J. Dally},
  editor       = {Yoshua Bengio and
                  Yann LeCun},
  title        = {Deep Compression: Compressing Deep Neural Network with Pruning, Trained
                  Quantization and Huffman Coding},
  booktitle    = {4th International Conference on Learning Representations, {ICLR} 2016,
                  San Juan, Puerto Rico, May 2-4, 2016, Conference Track Proceedings},
  year         = {2016},
  url          = {http://arxiv.org/abs/1510.00149},
  timestamp    = {Fri, 20 Nov 2020 16:16:06 +0100},
  biburl       = {https://dblp.org/rec/journals/corr/HanMD15.bib},
  bibsource    = {dblp computer science bibliography, https://dblp.org}
}

@inproceedings{polino2018modelcompression,
  author       = {Antonio Polino and
                  Razvan Pascanu and
                  Dan Alistarh},
  title        = {Model compression via distillation and quantization},
  booktitle    = {6th International Conference on Learning Representations, {ICLR} 2018,
                  Vancouver, BC, Canada, April 30 - May 3, 2018, Conference Track Proceedings},
  publisher    = {OpenReview.net},
  year         = {2018},
  url          = {https://openreview.net/forum?id=S1XolQbRW},
  timestamp    = {Thu, 25 Jul 2019 14:25:43 +0200},
  biburl       = {https://dblp.org/rec/conf/iclr/PolinoPA18.bib},
  bibsource    = {dblp computer science bibliography, https://dblp.org}
}

@article{hubara2016qnn,
  author       = {Itay Hubara and
                  Matthieu Courbariaux and
                  Daniel Soudry and
                  Ran El{-}Yaniv and
                  Yoshua Bengio},
  title        = {Quantized Neural Networks: Training Neural Networks with Low Precision
                  Weights and Activations},
  journal      = {CoRR},
  volume       = {abs/1609.07061},
  year         = {2016},
  url          = {http://arxiv.org/abs/1609.07061},
  eprinttype    = {arXiv},
  eprint       = {1609.07061},
  timestamp    = {Mon, 13 Aug 2018 16:49:12 +0200},
  biburl       = {https://dblp.org/rec/journals/corr/HubaraCSEB16.bib},
  bibsource    = {dblp computer science bibliography, https://dblp.org}
}

@article{ott2016rnn,
  author       = {Joachim Ott and
                  Zhouhan Lin and
                  Ying Zhang and
                  Shih{-}Chii Liu and
                  Yoshua Bengio},
  title        = {Recurrent Neural Networks With Limited Numerical Precision},
  journal      = {CoRR},
  volume       = {abs/1611.07065},
  year         = {2016},
  url          = {http://arxiv.org/abs/1611.07065},
  eprinttype    = {arXiv},
  eprint       = {1611.07065},
  timestamp    = {Fri, 03 Apr 2020 16:54:15 +0200},
  biburl       = {https://dblp.org/rec/journals/corr/OttLZLB16a.bib},
  bibsource    = {dblp computer science bibliography, https://dblp.org}
}

@article{rastegari2016xnor,
  author       = {Mohammad Rastegari and
                  Vicente Ordonez and
                  Joseph Redmon and
                  Ali Farhadi},
  title        = {XNOR-Net: ImageNet Classification Using Binary Convolutional Neural
                  Networks},
  journal      = {CoRR},
  volume       = {abs/1603.05279},
  year         = {2016},
  url          = {http://arxiv.org/abs/1603.05279},
  eprinttype    = {arXiv},
  eprint       = {1603.05279},
  timestamp    = {Mon, 13 Aug 2018 16:47:22 +0200},
  biburl       = {https://dblp.org/rec/journals/corr/RastegariORF16.bib},
  bibsource    = {dblp computer science bibliography, https://dblp.org}
}

@inproceedings{soroosh2018adaptive,
  author       = {Soroosh Khoram and
                  Jing Li},
  title        = {Adaptive Quantization of Neural Networks},
  booktitle    = {6th International Conference on Learning Representations, {ICLR} 2018,
                  Vancouver, BC, Canada, April 30 - May 3, 2018, Conference Track Proceedings},
  publisher    = {OpenReview.net},
  year         = {2018},
  url          = {https://openreview.net/forum?id=SyOK1Sg0W},
  timestamp    = {Thu, 24 Sep 2020 15:35:02 +0200},
  biburl       = {https://dblp.org/rec/conf/iclr/KhoramL18.bib},
  bibsource    = {dblp computer science bibliography, https://dblp.org}
}

@inproceedings{huang2017densely,
  author       = {Gao Huang and
                  Zhuang Liu and
                  Laurens van der Maaten and
                  Kilian Q. Weinberger},
  title        = {Densely Connected Convolutional Networks},
  booktitle    = {2017 {IEEE} Conference on Computer Vision and Pattern Recognition,
                  {CVPR} 2017, Honolulu, HI, USA, July 21-26, 2017},
  pages        = {2261--2269},
  publisher    = {{IEEE} Computer Society},
  year         = {2017},
  url          = {https://doi.org/10.1109/CVPR.2017.243},
  doi          = {10.1109/CVPR.2017.243},
  timestamp    = {Tue, 20 Aug 2024 16:54:05 +0200},
  biburl       = {https://dblp.org/rec/conf/cvpr/HuangLMW17.bib},
  bibsource    = {dblp computer science bibliography, https://dblp.org}
}

@article{shuchang2016dorafenet,
  author       = {Shuchang Zhou and
                  Zekun Ni and
                  Xinyu Zhou and
                  He Wen and
                  Yuxin Wu and
                  Yuheng Zou},
  title        = {DoReFa-Net: Training Low Bitwidth Convolutional Neural Networks with
                  Low Bitwidth Gradients},
  journal      = {CoRR},
  volume       = {abs/1606.06160},
  year         = {2016},
  url          = {http://arxiv.org/abs/1606.06160},
  eprinttype    = {arXiv},
  eprint       = {1606.06160},
  timestamp    = {Mon, 13 Feb 2023 14:59:49 +0100},
  biburl       = {https://dblp.org/rec/journals/corr/ZhouNZWWZ16.bib},
  bibsource    = {dblp computer science bibliography, https://dblp.org}
}

@article{yunchao2014compressing,
  author       = {Yunchao Gong and
                  Liu Liu and
                  Ming Yang and
                  Lubomir D. Bourdev},
  title        = {Compressing Deep Convolutional Networks using Vector Quantization},
  journal      = {CoRR},
  volume       = {abs/1412.6115},
  year         = {2014},
  url          = {http://arxiv.org/abs/1412.6115},
  eprinttype    = {arXiv},
  eprint       = {1412.6115},
  timestamp    = {Fri, 06 May 2022 15:54:00 +0200},
  biburl       = {https://dblp.org/rec/journals/corr/GongLYB14.bib},
  bibsource    = {dblp computer science bibliography, https://dblp.org}
}

@article{Edouard2022SPIQ,
  author       = {Edouard Yvinec and
                  Arnaud Dapogny and
                  Matthieu Cord and
                  Kevin Bailly},
  title        = {{SPIQ:} Data-Free Per-Channel Static Input Quantization},
  journal      = {CoRR},
  volume       = {abs/2203.14642},
  year         = {2022},
  url          = {https://doi.org/10.48550/arXiv.2203.14642},
  doi          = {10.48550/ARXIV.2203.14642},
  eprinttype    = {arXiv},
  eprint       = {2203.14642},
  timestamp    = {Mon, 04 Apr 2022 18:01:21 +0200},
  biburl       = {https://dblp.org/rec/journals/corr/abs-2203-14642.bib},
  bibsource    = {dblp computer science bibliography, https://dblp.org}
}

@article{DBLP:journals/tcad/DuLCPTW15,
  author       = {Zidong Du and
                  Avinash Lingamneni and
                  Yunji Chen and
                  Krishna V. Palem and
                  Olivier Temam and
                  Chengyong Wu},
  title        = {Leveraging the Error Resilience of Neural Networks for Designing Highly
                  Energy Efficient Accelerators},
  journal      = {{IEEE} Trans. Comput. Aided Des. Integr. Circuits Syst.},
  volume       = {34},
  number       = {8},
  pages        = {1223--1235},
  year         = {2015},
  url          = {https://doi.org/10.1109/TCAD.2015.2419628},
  doi          = {10.1109/TCAD.2015.2419628},
  timestamp    = {Sun, 02 Oct 2022 15:50:15 +0200},
  biburl       = {https://dblp.org/rec/journals/tcad/DuLCPTW15.bib},
  bibsource    = {dblp computer science bibliography, https://dblp.org}
}

@article{DBLP:journals/tnn/GyselPMG18,
  author       = {Philipp Gysel and
                  Jon J. Pimentel and
                  Mohammad Motamedi and
                  Soheil Ghiasi},
  title        = {Ristretto: {A} Framework for Empirical Study of Resource-Efficient
                  Inference in Convolutional Neural Networks},
  journal      = {{IEEE} Trans. Neural Networks Learn. Syst.},
  volume       = {29},
  number       = {11},
  pages        = {5784--5789},
  year         = {2018},
  url          = {https://doi.org/10.1109/TNNLS.2018.2808319},
  doi          = {10.1109/TNNLS.2018.2808319},
  timestamp    = {Sat, 30 May 2020 19:52:22 +0200},
  biburl       = {https://dblp.org/rec/journals/tnn/GyselPMG18.bib},
  bibsource    = {dblp computer science bibliography, https://dblp.org}
}

@article{DBLP:journals/corr/abs-2003-00146,
  author       = {Ahmed T. Elthakeb and
                  Prannoy Pilligundla and
                  Fatemehsadat Mireshghallah and
                  Tarek Elgindi and
                  Charles{-}Alban Deledalle and
                  Hadi Esmaeilzadeh},
  title        = {Gradient-Based Deep Quantization of Neural Networks through Sinusoidal
                  Adaptive Regularization},
  journal      = {CoRR},
  volume       = {abs/2003.00146},
  year         = {2020},
  url          = {https://arxiv.org/abs/2003.00146},
  eprinttype    = {arXiv},
  eprint       = {2003.00146},
  timestamp    = {Tue, 10 Mar 2020 13:33:48 +0100},
  biburl       = {https://dblp.org/rec/journals/corr/abs-2003-00146.bib},
  bibsource    = {dblp computer science bibliography, https://dblp.org}
}

@article{DBLP:journals/corr/abs-2111-00364,
  author       = {Carole{-}Jean Wu and
                  Ramya Raghavendra and
                  Udit Gupta and
                  Bilge Acun and
                  Newsha Ardalani and
                  Kiwan Maeng and
                  Gloria Chang and
                  Fiona Aga Behram and
                  James Huang and
                  Charles Bai and
                  Michael Gschwind and
                  Anurag Gupta and
                  Myle Ott and
                  Anastasia Melnikov and
                  Salvatore Candido and
                  David Brooks and
                  Geeta Chauhan and
                  Benjamin Lee and
                  Hsien{-}Hsin S. Lee and
                  Bugra Akyildiz and
                  Maximilian Balandat and
                  Joe Spisak and
                  Ravi Jain and
                  Mike Rabbat and
                  Kim M. Hazelwood},
  title        = {Sustainable {AI:} Environmental Implications, Challenges and Opportunities},
  journal      = {CoRR},
  volume       = {abs/2111.00364},
  year         = {2021},
  url          = {https://arxiv.org/abs/2111.00364},
  eprinttype    = {arXiv},
  eprint       = {2111.00364},
  timestamp    = {Thu, 08 Sep 2022 19:25:49 +0200},
  biburl       = {https://dblp.org/rec/journals/corr/abs-2111-00364.bib},
  bibsource    = {dblp computer science bibliography, https://dblp.org}
}

@article{DBLP:journals/csi/RegueroMV25,
  author       = {{\'{A}}lvaro Domingo Reguero and
                  Silverio Mart{\'{\i}}nez{-}Fern{\'{a}}ndez and
                  Roberto Verdecchia},
  title        = {Energy-efficient neural network training through runtime layer freezing,
                  model quantization, and early stopping},
  journal      = {Comput. Stand. Interfaces},
  volume       = {92},
  pages        = {103906},
  year         = {2025},
  url          = {https://doi.org/10.1016/j.csi.2024.103906},
  doi          = {10.1016/J.CSI.2024.103906},
  timestamp    = {Mon, 09 Dec 2024 22:46:56 +0100},
  biburl       = {https://dblp.org/rec/journals/csi/RegueroMV25.bib},
  bibsource    = {dblp computer science bibliography, https://dblp.org}
}

@inproceedings{DBLP:conf/codit/KhalifaM24,
  author       = {Dorra {Ben Khalifa} and
                  Matthieu Martel},
  title        = {Rigorous Floating-Point to Fixed-Point Quantization of Deep Neural
                  Networks on {STM32} Micro-controllers},
  booktitle    = {10th International Conference on Control, Decision and Information
                  Technologies, CoDIT 2024, Vallette, Malta, July 1-4, 2024},
  pages        = {1201--1206},
  publisher    = {{IEEE}},
  year         = {2024},
  url          = {https://doi.org/10.1109/CoDIT62066.2024.10708400},
  doi          = {10.1109/CODIT62066.2024.10708400},
  timestamp    = {Tue, 12 Nov 2024 15:37:11 +0100},
  biburl       = {https://dblp.org/rec/conf/codit/KhalifaM24.bib},
  bibsource    = {dblp computer science bibliography, https://dblp.org}
}

@article{DBLP:journals/corr/abs-2105-13331,
  author       = {Pierre{-}Emmanuel Novac and
                  Ghouthi Boukli Hacene and
                  Alain Pegatoquet and
                  Beno{\^{\i}}t Miramond and
                  Vincent Gripon},
  title        = {Quantization and Deployment of Deep Neural Networks on Microcontrollers},
  journal      = {CoRR},
  volume       = {abs/2105.13331},
  year         = {2021},
  url          = {https://arxiv.org/abs/2105.13331},
  eprinttype    = {arXiv},
  eprint       = {2105.13331},
  timestamp    = {Tue, 01 Jun 2021 18:07:59 +0200},
  biburl       = {https://dblp.org/rec/journals/corr/abs-2105-13331.bib},
  bibsource    = {dblp computer science bibliography, https://dblp.org}
}

@article{DBLP:journals/corr/abs-2404-05639,
  author       = {Qun Li and
                  Yuan Meng and
                  Chen Tang and
                  Jiacheng Jiang and
                  Zhi Wang},
  title        = {Investigating the Impact of Quantization on Adversarial Robustness},
  journal      = {CoRR},
  volume       = {abs/2404.05639},
  year         = {2024},
  url          = {https://doi.org/10.48550/arXiv.2404.05639},
  doi          = {10.48550/ARXIV.2404.05639},
  eprinttype    = {arXiv},
  eprint       = {2404.05639},
  timestamp    = {Wed, 15 May 2024 08:47:08 +0200},
  biburl       = {https://dblp.org/rec/journals/corr/abs-2404-05639.bib},
  bibsource    = {dblp computer science bibliography, https://dblp.org}
}

@inproceedings{DBLP:conf/icmlt/OkadoMIKS22,
  author       = {Kazuki Okado and
                  Kengo Matsumoto and
                  Atsuki Inoue and
                  Hiroshi Kawaguchi and
                  Yasufumi Sakai},
  title        = {Channel-wise quantization without accuracy degradation using {\(\Delta\)}loss
                  analysis},
  booktitle    = {{ICMLT} 2022: 7th International Conference on Machine Learning Technologies,
                  Rome, Italy, March 11 - 13, 2022},
  pages        = {56--61},
  publisher    = {{ACM}},
  year         = {2022},
  url          = {https://doi.org/10.1145/3529399.3529409},
  doi          = {10.1145/3529399.3529409},
  timestamp    = {Mon, 11 Mar 2024 15:42:29 +0100},
  biburl       = {https://dblp.org/rec/conf/icmlt/OkadoMIKS22.bib},
  bibsource    = {dblp computer science bibliography, https://dblp.org}
}

@inproceedings{DBLP:conf/iclr/MolchanovTKAK17,
  author       = {Pavlo Molchanov and
                  Stephen Tyree and
                  Tero Karras and
                  Timo Aila and
                  Jan Kautz},
  title        = {Pruning Convolutional Neural Networks for Resource Efficient Inference},
  booktitle    = {5th International Conference on Learning Representations, {ICLR} 2017,
                  Toulon, France, April 24-26, 2017, Conference Track Proceedings},
  publisher    = {OpenReview.net},
  year         = {2017},
  url          = {https://openreview.net/forum?id=SJGCiw5gl},
  timestamp    = {Tue, 11 Jul 2023 08:22:02 +0200},
  biburl       = {https://dblp.org/rec/conf/iclr/MolchanovTKAK17.bib},
  bibsource    = {dblp computer science bibliography, https://dblp.org}
}

@article{DBLP:journals/corr/abs-2101-05615,
  author       = {Daya Shanker Khudia and
                  Jianyu Huang and
                  Protonu Basu and
                  Summer Deng and
                  Haixin Liu and
                  Jongsoo Park and
                  Mikhail Smelyanskiy},
  title        = {{FBGEMM:} Enabling High-Performance Low-Precision Deep Learning Inference},
  journal      = {CoRR},
  volume       = {abs/2101.05615},
  year         = {2021},
  url          = {https://arxiv.org/abs/2101.05615},
  eprinttype    = {arXiv},
  eprint       = {2101.05615},
  timestamp    = {Fri, 22 Jan 2021 15:16:00 +0100},
  biburl       = {https://dblp.org/rec/journals/corr/abs-2101-05615.bib},
  bibsource    = {dblp computer science bibliography, https://dblp.org}
}

@inproceedings{DBLP:conf/eccv/WangLGAC22,
  author       = {Zhe Wang and
                  Jie Lin and
                  Xue Geng and
                  Mohamed M. Sabry Aly and
                  Vijay Chandrasekhar},
  editor       = {Shai Avidan and
                  Gabriel J. Brostow and
                  Moustapha Ciss{\'{e}} and
                  Giovanni Maria Farinella and
                  Tal Hassner},
  title        = {{RDO-Q:} Extremely Fine-Grained Channel-Wise Quantization via Rate-Distortion
                  Optimization},
  booktitle    = {Computer Vision - {ECCV} 2022 - 17th European Conference, Tel Aviv,
                  Israel, October 23-27, 2022, Proceedings, Part {XII}},
  series       = {Lecture Notes in Computer Science},
  volume       = {13672},
  pages        = {157--172},
  publisher    = {Springer},
  year         = {2022},
  url          = {https://doi.org/10.1007/978-3-031-19775-8\_10},
  doi          = {10.1007/978-3-031-19775-8\_10},
  timestamp    = {Thu, 15 Aug 2024 07:54:18 +0200},
  biburl       = {https://dblp.org/rec/conf/eccv/WangLGAC22.bib},
  bibsource    = {dblp computer science bibliography, https://dblp.org}
}

@inproceedings{DBLP:conf/eccv/ZhangYYH18,
  author       = {Dongqing Zhang and
                  Jiaolong Yang and
                  Dongqiangzi Ye and
                  Gang Hua},
  editor       = {Vittorio Ferrari and
                  Martial Hebert and
                  Cristian Sminchisescu and
                  Yair Weiss},
  title        = {LQ-Nets: Learned Quantization for Highly Accurate and Compact Deep
                  Neural Networks},
  booktitle    = {Computer Vision - {ECCV} 2018 - 15th European Conference, Munich,
                  Germany, September 8-14, 2018, Proceedings, Part {VIII}},
  series       = {Lecture Notes in Computer Science},
  volume       = {11212},
  pages        = {373--390},
  publisher    = {Springer},
  year         = {2018},
  url          = {https://doi.org/10.1007/978-3-030-01237-3\_23},
  doi          = {10.1007/978-3-030-01237-3\_23},
  timestamp    = {Sun, 04 Aug 2024 19:40:11 +0200},
  biburl       = {https://dblp.org/rec/conf/eccv/ZhangYYH18.bib},
  bibsource    = {dblp computer science bibliography, https://dblp.org}
}

@inproceedings{DBLP:conf/iclr/EsserMBAM20,
  author       = {Steven K. Esser and
                  Jeffrey L. McKinstry and
                  Deepika Bablani and
                  Rathinakumar Appuswamy and
                  Dharmendra S. Modha},
  title        = {Learned Step Size quantization},
  booktitle    = {8th International Conference on Learning Representations, {ICLR} 2020,
                  Addis Ababa, Ethiopia, April 26-30, 2020},
  publisher    = {OpenReview.net},
  year         = {2020},
  url          = {https://openreview.net/forum?id=rkgO66VKDS},
  timestamp    = {Thu, 07 May 2020 17:11:47 +0200},
  biburl       = {https://dblp.org/rec/conf/iclr/EsserMBAM20.bib},
  bibsource    = {dblp computer science bibliography, https://dblp.org}
}

@inproceedings{DBLP:conf/eccv/WeiPQOY18,
  author       = {Yi Wei and
                  Xinyu Pan and
                  Hongwei Qin and
                  Wanli Ouyang and
                  Junjie Yan},
  editor       = {Vittorio Ferrari and
                  Martial Hebert and
                  Cristian Sminchisescu and
                  Yair Weiss},
  title        = {Quantization Mimic: Towards Very Tiny {CNN} for Object Detection},
  booktitle    = {Computer Vision - {ECCV} 2018 - 15th European Conference, Munich,
                  Germany, September 8-14, 2018, Proceedings, Part {VIII}},
  series       = {Lecture Notes in Computer Science},
  volume       = {11212},
  pages        = {274--290},
  publisher    = {Springer},
  year         = {2018},
  url          = {https://doi.org/10.1007/978-3-030-01237-3\_17},
  doi          = {10.1007/978-3-030-01237-3\_17},
  timestamp    = {Sat, 05 Sep 2020 18:00:50 +0200},
  biburl       = {https://dblp.org/rec/conf/eccv/WeiPQOY18.bib},
  bibsource    = {dblp computer science bibliography, https://dblp.org}
}

@inproceedings{DBLP:conf/eccv/ParkYV18,
  author       = {Eunhyeok Park and
                  Sungjoo Yoo and
                  Peter Vajda},
  editor       = {Vittorio Ferrari and
                  Martial Hebert and
                  Cristian Sminchisescu and
                  Yair Weiss},
  title        = {Value-Aware Quantization for Training and Inference of Neural Networks},
  booktitle    = {Computer Vision - {ECCV} 2018 - 15th European Conference, Munich,
                  Germany, September 8-14, 2018, Proceedings, Part {IV}},
  series       = {Lecture Notes in Computer Science},
  volume       = {11208},
  pages        = {608--624},
  publisher    = {Springer},
  year         = {2018},
  url          = {https://doi.org/10.1007/978-3-030-01225-0\_36},
  doi          = {10.1007/978-3-030-01225-0\_36},
  timestamp    = {Tue, 14 May 2019 10:00:45 +0200},
  biburl       = {https://dblp.org/rec/conf/eccv/ParkYV18.bib},
  bibsource    = {dblp computer science bibliography, https://dblp.org}
}