@inproceedings{kumar2017data,
  title     = {Data management in machine learning: Challenges, techniques, and systems},
  author    = {Kumar, Arun and Boehm, Matthias and Yang, Jun},
  booktitle = {Proceedings of the 2017 ACM International Conference on Management of Data},
  pages     = {1717--1722},
  year      = {2017}
}

@inproceedings{sagadeeva2021sliceline,
  title     = {Sliceline: Fast, linear-algebra-based slice finding for ml model debugging},
  author    = {Sagadeeva, Svetlana and Boehm, Matthias},
  booktitle = {Proceedings of the 2021 International Conference on Management of Data},
  pages     = {2290--2299},
  year      = {2021}
}

@book{boehm2022data,
  title     = {Data management in machine learning systems},
  author    = {Boehm, Matthias and Kumar, Arun and Yang, Jun},
  year      = {2022},
  publisher = {Springer Nature}
}

@article{boehm2019systemds,
  title   = {SystemDS: A declarative machine learning system for the end-to-end data science lifecycle},
  author  = {Boehm, Matthias and Antonov, Iulian and Baunsgaard, Sebastian and Dokter, Mark and Ginth{\"o}r, Robert and Innerebner, Kevin and Klezin, Florijan and Lindstaedt, Stefanie and Phani, Arnab and Rath, Benjamin and others},
  journal = {arXiv preprint arXiv:1909.02976},
  year    = {2019}
}

@article{balzer1991boltzmann,
  title   = {Weight Quantization in Boltzmann Machines},
  author  = {Balzer, Wofgang and Takahashi, Masanobu and Ohta, Jun and Kyuma, Kazuo},
  journal = {Neural Networks, vol. 4, no. 3, 405-409},
  year    = {1991}
}

@inproceedings{jiang2021efficient,
  author       = {Chutian Jiang},
  title        = {Efficient Quantization Techniques for Deep Neural Networks},
  booktitle    = {CONF-SPML},
  year         = {2021},
  url          = {https://doi.org/10.1109/CONF-SPML54095.2021.00059},
  doi          = {10.1109/CONF-SPML54095.2021.00059},
  timestamp    = {Thu, 19 Dec 2024 13:55:37 +0100},
  biburl       = {https://dblp.org/rec/conf/conf-spml/Jiang21b.bib},
  bibsource    = {dblp computer science bibliography, https://dblp.org}
}

@inproceedings{jacob2018quantization,
  author       = {Benoit Jacob and
                  Skirmantas Kligys and
                  Bo Chen and
                  Menglong Zhu and
                  Matthew Tang and
                  Andrew G. Howard and
                  Hartwig Adam and
                  Dmitry Kalenichenko},
  title        = {Quantization and Training of Neural Networks for Efficient Integer-Arithmetic-Only
                  Inference},
  booktitle    = {CVPR},
  year         = {2018},
  url          = {http://openaccess.thecvf.com/content_cvpr_2018/html/Jacob_Quantization_and_Training_CVPR_2018_paper.html},
  doi          = {10.1109/CVPR.2018.00286},
  timestamp    = {Fri, 24 Mar 2023 00:02:59 +0100},
  biburl       = {https://dblp.org/rec/conf/cvpr/JacobKCZTHAK18.bib},
  bibsource    = {dblp computer science bibliography, https://dblp.org}
}
@inproceedings{kim2021ibert,
  title     = {I-BERT: Integer-only BERT Quantization},
  author    = {Kim, Sehoon and Gholami, Amir and Yao, Zhewei and Mahoney, Michael W. and Keutzer, Kurt},
  booktitle = {Proceedings of the 38th International Conference on Machine Learning},
  year      = {2021},
  pages     = {5506--5518}
}

@article{bengio2013estimating,
  author       = {Yoshua Bengio and
                  Nicholas L{\'{e}}onard and
                  Aaron C. Courville},
  title        = {Estimating or Propagating Gradients Through Stochastic Neurons for
                  Conditional Computation},
  journal      = {CoRR},
  volume       = {abs/1308.3432},
  year         = {2013},
  url          = {http://arxiv.org/abs/1308.3432},
  eprinttype    = {arXiv},
  eprint       = {1308.3432},
  timestamp    = {Mon, 13 Aug 2018 16:47:35 +0200},
  biburl       = {https://dblp.org/rec/journals/corr/BengioLC13.bib},
  bibsource    = {dblp computer science bibliography, https://dblp.org}
}

@inproceedings{fan2021training,
  author       = {Pierre Stock and
                  Angela Fan and
                  Benjamin Graham and
                  Edouard Grave and
                  R{\'{e}}mi Gribonval and
                  Herv{\'{e}} J{\'{e}}gou and
                  Armand Joulin},
  title        = {Training with Quantization Noise for Extreme Model Compression},
  booktitle    = {ICLR},
  year         = {2021},
  url          = {https://openreview.net/forum?id=dV19Yyi1fS3},
  timestamp    = {Wed, 23 Jun 2021 17:36:39 +0200},
  biburl       = {https://dblp.org/rec/conf/iclr/StockFGGGJJ21.bib},
  bibsource    = {dblp computer science bibliography, https://dblp.org}
}

@inproceedings{zhuang2018towards,
  title     = {Towards Effective Low-bitwidth Convolutional Neural Networks},
  author    = {Zhuang, Bohan and Shen, Chunhua and Tan, Mingkui and Liu, Lingqiao and Reid, Ian},
  booktitle = {CVPR},
  pages     = {7920--7928},
  year      = {2018}
}

@article{gholami2021survey,
  author       = {Amir Gholami and
                  Sehoon Kim and
                  Zhen Dong and
                  Zhewei Yao and
                  Michael W. Mahoney and
                  Kurt Keutzer},
  title        = {A Survey of Quantization Methods for Efficient Neural Network Inference},
  journal      = {CoRR},
  volume       = {abs/2103.13630},
  year         = {2021},
  url          = {https://arxiv.org/abs/2103.13630},
  eprinttype    = {arXiv},
  eprint       = {2103.13630},
  timestamp    = {Thu, 31 Oct 2024 08:09:25 +0100},
  biburl       = {https://dblp.org/rec/journals/corr/abs-2103-13630.bib},
  bibsource    = {dblp computer science bibliography, https://dblp.org}
}
@article{gray1998quantization,
  author       = {Robert M. Gray and
                  David L. Neuhoff},
  title        = {Quantization},
  journal      = {{IEEE} Trans. Inf. Theory},
  volume       = {44},
  number       = {6},
  pages        = {2325--2383},
  year         = {1998},
  url          = {https://doi.org/10.1109/18.720541},
  doi          = {10.1109/18.720541},
  timestamp    = {Tue, 10 Mar 2020 10:46:41 +0100},
  biburl       = {https://dblp.org/rec/journals/tit/GrayN98.bib},
  bibsource    = {dblp computer science bibliography, https://dblp.org}
}

@inproceedings{huang2021lsmq,
  title     = {{LSMQ}: A Layer-Wise Sensitivity-Based Mixed-Precision Quantization Method for Bit-Flexible {CNN} Accelerator},
  author    = {Huang, Yimin and Chen, Kai and Shao, Zhuang and Bai, Yichuan and Huang, Yafeng and Du, Yuan and Du, Li and Wang, Zhongfeng},
  booktitle = {Proceedings of the 18th International SoC Design Conference (ISOCC)}, 
  year      = {2021}
}


@article{krishnamoorthi2018quantizing,
  author       = {Raghuraman Krishnamoorthi},
  title        = {Quantizing deep convolutional networks for efficient inference: {A}
                  whitepaper},
  journal      = {CoRR},
  volume       = {abs/1806.08342},
  year         = {2018},
  url          = {http://arxiv.org/abs/1806.08342},
  eprinttype    = {arXiv},
  eprint       = {1806.08342},
  timestamp    = {Mon, 13 Aug 2018 16:48:27 +0200},
  biburl       = {https://dblp.org/rec/journals/corr/abs-1806-08342.bib},
  bibsource    = {dblp computer science bibliography, https://dblp.org}
}

@inproceedings{courbariaux2015binaryconnect,
  author       = {Matthieu Courbariaux and
                  Yoshua Bengio and
                  Jean{-}Pierre David},
  title        = {BinaryConnect: Training Deep Neural Networks with binary weights during
                  propagations},
  booktitle    = {NeurIPS},
  year         = {2015},
  url          = {https://proceedings.neurips.cc/paper/2015/hash/3e15cc11f979ed25912dff5b0669f2cd-Abstract.html},
  timestamp    = {Mon, 16 May 2022 15:41:51 +0200},
  biburl       = {https://dblp.org/rec/conf/nips/CourbariauxBD15.bib},
  bibsource    = {dblp computer science bibliography, https://dblp.org}
}

@inproceedings{han2016deepcompression,
  author       = {Song Han and
                  Huizi Mao and
                  William J. Dally},
  editor       = {Yoshua Bengio and
                  Yann LeCun},
  title        = {Deep Compression: Compressing Deep Neural Network with Pruning, Trained
                  Quantization and Huffman Coding},
  booktitle    = {ICLR},
  year         = {2016},
  url          = {http://arxiv.org/abs/1510.00149},
  timestamp    = {Fri, 20 Nov 2020 16:16:06 +0100},
  biburl       = {https://dblp.org/rec/journals/corr/HanMD15.bib},
  bibsource    = {dblp computer science bibliography, https://dblp.org}
}

@inproceedings{polino2018modelcompression,
  author       = {Antonio Polino and
                  Razvan Pascanu and
                  Dan Alistarh},
  title        = {Model compression via distillation and quantization},
  booktitle    = {ICLR},
  year         = {2018},
  url          = {https://openreview.net/forum?id=S1XolQbRW},
  timestamp    = {Thu, 25 Jul 2019 14:25:43 +0200},
  biburl       = {https://dblp.org/rec/conf/iclr/PolinoPA18.bib},
  bibsource    = {dblp computer science bibliography, https://dblp.org}
}

@article{hubara2016qnn,
  author       = {Itay Hubara and
                  Matthieu Courbariaux and
                  Daniel Soudry and
                  Ran El{-}Yaniv and
                  Yoshua Bengio},
  title        = {Quantized Neural Networks: Training Neural Networks with Low Precision
                  Weights and Activations},
  journal      = {JMLR},
  volume       = {18},
  pages        = {187:1--187:30},
  year         = {2017},
  url          = {https://jmlr.org/papers/v18/16-456.html},
  timestamp    = {Wed, 11 Sep 2024 14:41:28 +0200},
  biburl       = {https://dblp.org/rec/journals/jmlr/HubaraCSEB17.bib},
  bibsource    = {dblp computer science bibliography, https://dblp.org}
}

@article{ott2016rnn,
  author       = {Joachim Ott and
                  Zhouhan Lin and
                  Ying Zhang and
                  Shih{-}Chii Liu and
                  Yoshua Bengio},
  title        = {Recurrent Neural Networks With Limited Numerical Precision},
  journal      = {CoRR},
  volume       = {abs/1611.07065},
  year         = {2016},
  url          = {http://arxiv.org/abs/1611.07065},
  eprinttype    = {arXiv},
  eprint       = {1611.07065},
  timestamp    = {Fri, 03 Apr 2020 16:54:15 +0200},
  biburl       = {https://dblp.org/rec/journals/corr/OttLZLB16a.bib},
  bibsource    = {dblp computer science bibliography, https://dblp.org}
}

@inproceedings{rastegari2016xnor,
  author       = {Mohammad Rastegari and
                  Vicente Ordonez and
                  Joseph Redmon and
                  Ali Farhadi},
  title        = {XNOR-Net: ImageNet Classification Using Binary Convolutional Neural
                  Networks},
  booktitle    = {ECCV},
  year         = {2016},
  url          = {https://doi.org/10.1007/978-3-319-46493-0\_32},
  doi          = {10.1007/978-3-319-46493-0\_32},
  timestamp    = {Tue, 21 Mar 2023 20:52:16 +0100},
  biburl       = {https://dblp.org/rec/conf/eccv/RastegariORF16.bib},
  bibsource    = {dblp computer science bibliography, https://dblp.org}
}

@inproceedings{soroosh2018adaptive,
  author       = {Soroosh Khoram and
                  Jing Li},
  title        = {Adaptive Quantization of Neural Networks},
  booktitle    = {6th International Conference on Learning Representations, {ICLR} 2018,
                  Vancouver, BC, Canada, April 30 - May 3, 2018, Conference Track Proceedings},
  publisher    = {OpenReview.net},
  year         = {2018},
  url          = {https://openreview.net/forum?id=SyOK1Sg0W},
  timestamp    = {Thu, 24 Sep 2020 15:35:02 +0200},
  biburl       = {https://dblp.org/rec/conf/iclr/KhoramL18.bib},
  bibsource    = {dblp computer science bibliography, https://dblp.org}
}

@inproceedings{huang2017densely,
  author       = {Gao Huang and
                  Zhuang Liu and
                  Laurens van der Maaten and
                  Kilian Q. Weinberger},
  title        = {Densely Connected Convolutional Networks},
  booktitle    = {CVPR},
  year         = {2017},
  url          = {https://doi.org/10.1109/CVPR.2017.243},
  doi          = {10.1109/CVPR.2017.243},
  timestamp    = {Tue, 20 Aug 2024 16:54:05 +0200},
  biburl       = {https://dblp.org/rec/conf/cvpr/HuangLMW17.bib},
  bibsource    = {dblp computer science bibliography, https://dblp.org}
}

@article{shuchang2016dorafenet,
  author       = {Shuchang Zhou and
                  Zekun Ni and
                  Xinyu Zhou and
                  He Wen and
                  Yuxin Wu and
                  Yuheng Zou},
  title        = {DoReFa-Net: Training Low Bitwidth Convolutional Neural Networks with
                  Low Bitwidth Gradients},
  journal      = {CoRR},
  volume       = {abs/1606.06160},
  year         = {2016},
  url          = {http://arxiv.org/abs/1606.06160},
  eprinttype    = {arXiv},
  eprint       = {1606.06160},
  timestamp    = {Mon, 13 Feb 2023 14:59:49 +0100},
  biburl       = {https://dblp.org/rec/journals/corr/ZhouNZWWZ16.bib},
  bibsource    = {dblp computer science bibliography, https://dblp.org}
}

@article{yunchao2014compressing,
  author       = {Yunchao Gong and
                  Liu Liu and
                  Ming Yang and
                  Lubomir D. Bourdev},
  title        = {Compressing Deep Convolutional Networks using Vector Quantization},
  journal      = {CoRR},
  volume       = {abs/1412.6115},
  year         = {2014},
  url          = {http://arxiv.org/abs/1412.6115},
  eprinttype    = {arXiv},
  eprint       = {1412.6115},
  timestamp    = {Fri, 06 May 2022 15:54:00 +0200},
  biburl       = {https://dblp.org/rec/journals/corr/GongLYB14.bib},
  bibsource    = {dblp computer science bibliography, https://dblp.org}
}

@inproceedings{Edouard2022SPIQ,
  author       = {Edouard Yvinec and
                  Arnaud Dapogny and
                  Matthieu Cord and
                  Kevin Bailly},
  title        = {{SPIQ:} Data-Free Per-Channel Static Input Quantization},
  booktitle    = {WACV},
  year         = {2023},
  url          = {https://doi.org/10.1109/WACV56688.2023.00386},
  doi          = {10.1109/WACV56688.2023.00386},
  timestamp    = {Tue, 14 Feb 2023 22:26:55 +0100},
  biburl       = {https://dblp.org/rec/conf/wacv/YvinecDCB23.bib},
  bibsource    = {dblp computer science bibliography, https://dblp.org}
}

@article{DBLP:journals/tcad/DuLCPTW15,
  author       = {Zidong Du and
                  Avinash Lingamneni and
                  Yunji Chen and
                  Krishna V. Palem and
                  Olivier Temam and
                  Chengyong Wu},
  title        = {Leveraging the Error Resilience of Neural Networks for Designing Highly
                  Energy Efficient Accelerators},
  journal      = {{IEEE} Trans. Comput. Aided Des. Integr. Circuits Syst.},
  volume       = {34},
  number       = {8},
  pages        = {1223--1235},
  year         = {2015},
  url          = {https://doi.org/10.1109/TCAD.2015.2419628},
  doi          = {10.1109/TCAD.2015.2419628},
  timestamp    = {Sun, 02 Oct 2022 15:50:15 +0200},
  biburl       = {https://dblp.org/rec/journals/tcad/DuLCPTW15.bib},
  bibsource    = {dblp computer science bibliography, https://dblp.org}
}

@article{DBLP:journals/tnn/GyselPMG18,
  author       = {Philipp Gysel and
                  Jon J. Pimentel and
                  Mohammad Motamedi and
                  Soheil Ghiasi},
  title        = {Ristretto: {A} Framework for Empirical Study of Resource-Efficient
                  Inference in Convolutional Neural Networks},
  journal      = {{IEEE} Transactions on Neural Networks and Learning Systems},
  volume       = {29},
  number       = {11},
  pages        = {5784--5789},
  year         = {2018},
  url          = {https://doi.org/10.1109/TNNLS.2018.2808319},
  doi          = {10.1109/TNNLS.2018.2808319},
  timestamp    = {Sat, 30 May 2020 19:52:22 +0200},
  biburl       = {https://dblp.org/rec/journals/tnn/GyselPMG18.bib},
  bibsource    = {dblp computer science bibliography, https://dblp.org}
}

@article{DBLP:journals/corr/abs-2003-00146,
  author       = {Ahmed T. Elthakeb and
                  Prannoy Pilligundla and
                  Fatemehsadat Mireshghallah and
                  Tarek Elgindi and
                  Charles{-}Alban Deledalle and
                  Hadi Esmaeilzadeh},
  title        = {Gradient-Based Deep Quantization of Neural Networks through Sinusoidal
                  Adaptive Regularization},
  journal      = {CoRR},
  volume       = {abs/2003.00146},
  year         = {2020},
  url          = {https://arxiv.org/abs/2003.00146},
  eprinttype    = {arXiv},
  eprint       = {2003.00146},
  timestamp    = {Tue, 10 Mar 2020 13:33:48 +0100},
  biburl       = {https://dblp.org/rec/journals/corr/abs-2003-00146.bib},
  bibsource    = {dblp computer science bibliography, https://dblp.org}
}

@article{DBLP:journals/corr/abs-2111-00364,
  author       = {Carole{-}Jean Wu and
                  Ramya Raghavendra and
                  Udit Gupta and
                  Bilge Acun and
                  Newsha Ardalani and
                  Kiwan Maeng and
                  Gloria Chang and
                  Fiona Aga Behram and
                  James Huang and
                  Charles Bai and
                  Michael Gschwind and
                  Anurag Gupta and
                  Myle Ott and
                  Anastasia Melnikov and
                  Salvatore Candido and
                  David Brooks and
                  Geeta Chauhan and
                  Benjamin Lee and
                  Hsien{-}Hsin S. Lee and
                  Bugra Akyildiz and
                  Maximilian Balandat and
                  Joe Spisak and
                  Ravi Jain and
                  Mike Rabbat and
                  Kim M. Hazelwood},
  title        = {Sustainable {AI:} Environmental Implications, Challenges and Opportunities},
  journal      = {CoRR},
  volume       = {abs/2111.00364},
  year         = {2021},
  url          = {https://arxiv.org/abs/2111.00364},
  eprinttype    = {arXiv},
  eprint       = {2111.00364},
  timestamp    = {Thu, 08 Sep 2022 19:25:49 +0200},
  biburl       = {https://dblp.org/rec/journals/corr/abs-2111-00364.bib},
  bibsource    = {dblp computer science bibliography, https://dblp.org}
}

@article{DBLP:journals/csi/RegueroMV25,
  author       = {{\'{A}}lvaro Domingo Reguero and
                  Silverio Mart{\'{\i}}nez{-}Fern{\'{a}}ndez and
                  Roberto Verdecchia},
  title        = {Energy-efficient neural network training through runtime layer freezing,
                  model quantization, and early stopping},
  journal      = {Computer Standards \& Interfaces},
  volume       = {92},
  pages        = {103906},
  year         = {2025},
  url          = {https://doi.org/10.1016/j.csi.2024.103906},
  doi          = {10.1016/J.CSI.2024.103906},
  timestamp    = {Mon, 09 Dec 2024 22:46:56 +0100},
  biburl       = {https://dblp.org/rec/journals/csi/RegueroMV25.bib},
  bibsource    = {dblp computer science bibliography, https://dblp.org}
}

@inproceedings{DBLP:conf/codit/KhalifaM24,
  author       = {Dorra {Ben Khalifa} and
                  Matthieu Martel},
  title        = {Rigorous Floating-Point to Fixed-Point Quantization of Deep Neural
                  Networks on {STM32} Micro-controllers},
  booktitle    = {CoDIT},
  pages        = {1201--1206},
  publisher    = {{IEEE}},
  year         = {2024},
  url          = {https://doi.org/10.1109/CoDIT62066.2024.10708400},
  doi          = {10.1109/CODIT62066.2024.10708400},
  timestamp    = {Tue, 12 Nov 2024 15:37:11 +0100},
  biburl       = {https://dblp.org/rec/conf/codit/KhalifaM24.bib},
  bibsource    = {dblp computer science bibliography, https://dblp.org}
}

@article{DBLP:journals/corr/abs-2105-13331,
  author       = {Pierre{-}Emmanuel Novac and
                  Ghouthi Boukli Hacene and
                  Alain Pegatoquet and
                  Beno{\^{\i}}t Miramond and
                  Vincent Gripon},
  title        = {Quantization and Deployment of Deep Neural Networks on Microcontrollers},
  journal      = {CoRR},
  volume       = {abs/2105.13331},
  year         = {2021},
  url          = {https://arxiv.org/abs/2105.13331},
  eprinttype    = {arXiv},
  eprint       = {2105.13331},
  timestamp    = {Tue, 01 Jun 2021 18:07:59 +0200},
  biburl       = {https://dblp.org/rec/journals/corr/abs-2105-13331.bib},
  bibsource    = {dblp computer science bibliography, https://dblp.org}
}

@article{DBLP:journals/corr/abs-2404-05639,
  author       = {Qun Li and
                  Yuan Meng and
                  Chen Tang and
                  Jiacheng Jiang and
                  Zhi Wang},
  title        = {Investigating the Impact of Quantization on Adversarial Robustness},
  journal      = {CoRR},
  volume       = {abs/2404.05639},
  year         = {2024},
  url          = {https://doi.org/10.48550/arXiv.2404.05639},
  doi          = {10.48550/ARXIV.2404.05639},
  eprinttype    = {arXiv},
  eprint       = {2404.05639},
  timestamp    = {Wed, 15 May 2024 08:47:08 +0200},
  biburl       = {https://dblp.org/rec/journals/corr/abs-2404-05639.bib},
  bibsource    = {dblp computer science bibliography, https://dblp.org}
}

@inproceedings{DBLP:conf/icmlt/OkadoMIKS22,
  author       = {Kazuki Okado and
                  Kengo Matsumoto and
                  Atsuki Inoue and
                  Hiroshi Kawaguchi and
                  Yasufumi Sakai},
  title        = {Channel-wise quantization without accuracy degradation using {\(\Delta\)}loss
                  analysis},
  booktitle    = {{ICMLT} 2022: 7th International Conference on Machine Learning Technologies,
                  Rome, Italy, March 11 - 13, 2022},
  pages        = {56--61},
  publisher    = {{ACM}},
  year         = {2022},
  url          = {https://doi.org/10.1145/3529399.3529409},
  doi          = {10.1145/3529399.3529409},
  timestamp    = {Mon, 11 Mar 2024 15:42:29 +0100},
  biburl       = {https://dblp.org/rec/conf/icmlt/OkadoMIKS22.bib},
  bibsource    = {dblp computer science bibliography, https://dblp.org}
}

@inproceedings{DBLP:conf/iclr/MolchanovTKAK17,
  author       = {Pavlo Molchanov and
                  Stephen Tyree and
                  Tero Karras and
                  Timo Aila and
                  Jan Kautz},
  title        = {Pruning Convolutional Neural Networks for Resource Efficient Inference},
  booktitle    = {5th International Conference on Learning Representations, {ICLR} 2017,
                  Toulon, France, April 24-26, 2017, Conference Track Proceedings},
  publisher    = {OpenReview.net},
  year         = {2017},
  url          = {https://openreview.net/forum?id=SJGCiw5gl},
  timestamp    = {Tue, 11 Jul 2023 08:22:02 +0200},
  biburl       = {https://dblp.org/rec/conf/iclr/MolchanovTKAK17.bib},
  bibsource    = {dblp computer science bibliography, https://dblp.org}
}

@article{DBLP:journals/corr/abs-2101-05615,
  author       = {Daya Shanker Khudia and
                  Jianyu Huang and
                  Protonu Basu and
                  Summer Deng and
                  Haixin Liu and
                  Jongsoo Park and
                  Mikhail Smelyanskiy},
  title        = {{FBGEMM:} Enabling High-Performance Low-Precision Deep Learning Inference},
  journal      = {CoRR},
  volume       = {abs/2101.05615},
  year         = {2021},
  url          = {https://arxiv.org/abs/2101.05615},
  eprinttype    = {arXiv},
  eprint       = {2101.05615},
  timestamp    = {Fri, 22 Jan 2021 15:16:00 +0100},
  biburl       = {https://dblp.org/rec/journals/corr/abs-2101-05615.bib},
  bibsource    = {dblp computer science bibliography, https://dblp.org}
}

@inproceedings{DBLP:conf/eccv/WangLGAC22,
  author       = {Zhe Wang and
                  Jie Lin and
                  Xue Geng and
                  Mohamed M. Sabry Aly and
                  Vijay Chandrasekhar},
  editor       = {Shai Avidan and
                  Gabriel J. Brostow and
                  Moustapha Ciss{\'{e}} and
                  Giovanni Maria Farinella and
                  Tal Hassner},
  title        = {{RDO-Q:} Extremely Fine-Grained Channel-Wise Quantization via Rate-Distortion
                  Optimization},
  booktitle    = {Computer Vision - {ECCV} 2022 - 17th European Conference, Tel Aviv,
                  Israel, October 23-27, 2022, Proceedings, Part {XII}},
  series       = {Lecture Notes in Computer Science},
  volume       = {13672},
  pages        = {157--172},
  publisher    = {Springer},
  year         = {2022},
  url          = {https://doi.org/10.1007/978-3-031-19775-8\_10},
  doi          = {10.1007/978-3-031-19775-8\_10},
  timestamp    = {Thu, 15 Aug 2024 07:54:18 +0200},
  biburl       = {https://dblp.org/rec/conf/eccv/WangLGAC22.bib},
  bibsource    = {dblp computer science bibliography, https://dblp.org}
}

@inproceedings{DBLP:conf/eccv/ZhangYYH18,
  author       = {Dongqing Zhang and
                  Jiaolong Yang and
                  Dongqiangzi Ye and
                  Gang Hua},
  editor       = {Vittorio Ferrari and
                  Martial Hebert and
                  Cristian Sminchisescu and
                  Yair Weiss},
  title        = {LQ-Nets: Learned Quantization for Highly Accurate and Compact Deep
                  Neural Networks},
  booktitle    = {ECCV},
  year         = {2018},
  url          = {https://doi.org/10.1007/978-3-030-01237-3\_23},
  doi          = {10.1007/978-3-030-01237-3\_23},
  timestamp    = {Sun, 04 Aug 2024 19:40:11 +0200},
  biburl       = {https://dblp.org/rec/conf/eccv/ZhangYYH18.bib},
  bibsource    = {dblp computer science bibliography, https://dblp.org}
}

@inproceedings{DBLP:conf/iclr/EsserMBAM20,
  author       = {Steven K. Esser and
                  Jeffrey L. McKinstry and
                  Deepika Bablani and
                  Rathinakumar Appuswamy and
                  Dharmendra S. Modha},
  title        = {Learned Step Size quantization},
  booktitle    = {ICLR},
  year         = {2020},
  url          = {https://openreview.net/forum?id=rkgO66VKDS},
  timestamp    = {Thu, 07 May 2020 17:11:47 +0200},
  biburl       = {https://dblp.org/rec/conf/iclr/EsserMBAM20.bib},
  bibsource    = {dblp computer science bibliography, https://dblp.org}
}

@inproceedings{DBLP:conf/eccv/WeiPQOY18,
  author       = {Yi Wei and
                  Xinyu Pan and
                  Hongwei Qin and
                  Wanli Ouyang and
                  Junjie Yan},
  editor       = {Vittorio Ferrari and
                  Martial Hebert and
                  Cristian Sminchisescu and
                  Yair Weiss},
  title        = {Quantization Mimic: Towards Very Tiny {CNN} for Object Detection},
  booktitle    = {ECCV},
  year         = {2018},
  url          = {https://doi.org/10.1007/978-3-030-01237-3\_17},
  doi          = {10.1007/978-3-030-01237-3\_17},
  timestamp    = {Sat, 05 Sep 2020 18:00:50 +0200},
  biburl       = {https://dblp.org/rec/conf/eccv/WeiPQOY18.bib},
  bibsource    = {dblp computer science bibliography, https://dblp.org}
}

@inproceedings{DBLP:conf/eccv/ParkYV18,
  author       = {Eunhyeok Park and
                  Sungjoo Yoo and
                  Peter Vajda},
  title        = {Value-Aware Quantization for Training and Inference of Neural Networks},
  booktitle    = {ECCV},
  year         = {2018},
  url          = {https://doi.org/10.1007/978-3-030-01225-0\_36},
  doi          = {10.1007/978-3-030-01225-0\_36},
  timestamp    = {Tue, 14 May 2019 10:00:45 +0200},
  biburl       = {https://dblp.org/rec/conf/eccv/ParkYV18.bib},
  bibsource    = {dblp computer science bibliography, https://dblp.org}
}

@inproceedings{DBLP:conf/nips/CunDS89,
  author       = {Yann LeCun and
                  John S. Denker and
                  Sara A. Solla},
  editor       = {David S. Touretzky},
  title        = {Optimal Brain Damage},
  booktitle    = {NeurIPS 2, {[NIPS} Conference,
                  Denver, Colorado, USA, November 27-30, 1989]},
  pages        = {598--605},
  publisher    = {Morgan Kaufmann},
  year         = {1989},
  url          = {http://papers.nips.cc/paper/250-optimal-brain-damage},
  timestamp    = {Mon, 16 May 2022 15:41:51 +0200},
  biburl       = {https://dblp.org/rec/conf/nips/CunDS89.bib},
  bibsource    = {dblp computer science bibliography, https://dblp.org}
}

@article{DBLP:journals/corr/HintonVD15,
  author       = {Geoffrey E. Hinton and
                  Oriol Vinyals and
                  Jeffrey Dean},
  title        = {Distilling the Knowledge in a Neural Network},
  journal      = {CoRR},
  volume       = {abs/1503.02531},
  year         = {2015},
  url          = {http://arxiv.org/abs/1503.02531},
  eprinttype    = {arXiv},
  eprint       = {1503.02531},
  timestamp    = {Mon, 13 Aug 2018 16:48:36 +0200},
  biburl       = {https://dblp.org/rec/journals/corr/HintonVD15.bib},
  bibsource    = {dblp computer science bibliography, https://dblp.org}
}

@article{DBLP:journals/ijcv/DongNLCSZ19,
  author       = {Yinpeng Dong and
                  Renkun Ni and
                  Jianguo Li and
                  Yurong Chen and
                  Hang Su and
                  Jun Zhu},
  title        = {Stochastic Quantization for Learning Accurate Low-Bit Deep Neural
                  Networks},
  journal      = {Int. J. Comput. Vis.},
  volume       = {127},
  number       = {11-12},
  pages        = {1629--1642},
  year         = {2019},
  url          = {https://doi.org/10.1007/s11263-019-01168-2},
  doi          = {10.1007/S11263-019-01168-2},
  timestamp    = {Wed, 01 Sep 2021 08:15:22 +0200},
  biburl       = {https://dblp.org/rec/journals/ijcv/DongNLCSZ19.bib},
  bibsource    = {dblp computer science bibliography, https://dblp.org}
}

@inproceedings{DBLP:conf/aaai/TangH017,
  author       = {Wei Tang and
                  Gang Hua and
                  Liang Wang},
  editor       = {Satinder Singh and
                  Shaul Markovitch},
  title        = {How to Train a Compact Binary Neural Network with High Accuracy?},
  booktitle    = {Proceedings of the Thirty-First {AAAI} Conference on Artificial Intelligence,
                  February 4-9, 2017, San Francisco, California, {USA}},
  pages        = {2625--2631},
  publisher    = {{AAAI} Press},
  year         = {2017},
  url          = {https://doi.org/10.1609/aaai.v31i1.10862},
  doi          = {10.1609/AAAI.V31I1.10862},
  timestamp    = {Mon, 24 Jun 2024 15:20:25 +0200},
  biburl       = {https://dblp.org/rec/conf/aaai/TangH017.bib},
  bibsource    = {dblp computer science bibliography, https://dblp.org}
}

@inproceedings{DBLP:conf/iclr/HouYK17,
  author       = {Lu Hou and
                  Quanming Yao and
                  James T. Kwok},
  title        = {Loss-aware Binarization of Deep Networks},
  booktitle    = {5th International Conference on Learning Representations, {ICLR} 2017,
                  Toulon, France, April 24-26, 2017, Conference Track Proceedings},
  publisher    = {OpenReview.net},
  year         = {2017},
  url          = {https://openreview.net/forum?id=S1oWlN9ll},
  timestamp    = {Thu, 25 Jul 2019 14:25:55 +0200},
  biburl       = {https://dblp.org/rec/conf/iclr/HouYK17.bib},
  bibsource    = {dblp computer science bibliography, https://dblp.org}
}

@article{DBLP:journals/jstsp/Chen0ZHY20,
  author       = {Jun Chen and
                  Yong Liu and
                  Hao Zhang and
                  Shengnan Hou and
                  Jian Yang},
  title        = {Propagating Asymptotic-Estimated Gradients for Low Bitwidth Quantized
                  Neural Networks},
  journal      = {{IEEE} Journal of Selected Topics in Signal Processing},
  volume       = {14},
  number       = {4},
  pages        = {848--859},
  year         = {2020},
  url          = {https://doi.org/10.1109/JSTSP.2020.2966327},
  doi          = {10.1109/JSTSP.2020.2966327},
  timestamp    = {Wed, 29 Nov 2023 20:16:19 +0100},
  biburl       = {https://dblp.org/rec/journals/jstsp/Chen0ZHY20.bib},
  bibsource    = {dblp computer science bibliography, https://dblp.org}
}

@inproceedings{DBLP:conf/cvpr/JungSLSHKHC19,
  author       = {Sangil Jung and
                  Changyong Son and
                  Seohyung Lee and
                  JinWoo Son and
                  Jae{-}Joon Han and
                  Youngjun Kwak and
                  Sung Ju Hwang and
                  Changkyu Choi},
  title        = {Learning to Quantize Deep Networks by Optimizing Quantization Intervals
                  With Task Loss},
  booktitle    = {CVPR},
  year         = {2019},
  url          = {http://openaccess.thecvf.com/content_CVPR_2019/html/Jung_Learning_to_Quantize_Deep_Networks_by_Optimizing_Quantization_Intervals_With_CVPR_2019_paper.html},
  doi          = {10.1109/CVPR.2019.00448},
  timestamp    = {Mon, 30 Aug 2021 17:01:14 +0200},
  biburl       = {https://dblp.org/rec/conf/cvpr/JungSLSHKHC19.bib},
  bibsource    = {dblp computer science bibliography, https://dblp.org}
}

@article{DBLP:journals/information/HowardG20,
  author       = {Jeremy Howard and
                  Sylvain Gugger},
  title        = {Fastai: {A} Layered {API} for Deep Learning},
  journal      = {Information},
  volume       = {11},
  number       = {2},
  pages        = {108},
  year         = {2020},
  url          = {https://doi.org/10.3390/info11020108},
  doi          = {10.3390/INFO11020108},
  timestamp    = {Fri, 25 Dec 2020 01:14:05 +0100},
  biburl       = {https://dblp.org/rec/journals/information/HowardG20.bib},
  bibsource    = {dblp computer science bibliography, https://dblp.org}
}


@article{krizhevsky2009learning,
author = {Krizhevsky, Alex},
year = {2012},
month = {05},
pages = {},
title = {Learning Multiple Layers of Features from Tiny Images},
journal = {University of Toronto},
url = {https://www.cs.toronto.edu/~kriz/learning-features-2009-TR.pdf}
}

@article{lecun2010mnist,
  title={MNIST handwritten digit database},
  author={LeCun, Yann and Cortes, Corinna and Burges, CJ},
  journal={ATT Labs [Online]},
  volume={2},
  year={2010},
  url={http://yann.lecun.com/exdb/mnist}
}

@inproceedings{DBLP:journals/corr/LinCMB15,
  author       = {Zhouhan Lin and
                  Matthieu Courbariaux and
                  Roland Memisevic and
                  Yoshua Bengio},
  editor       = {Yoshua Bengio and
                  Yann LeCun},
  title        = {Neural Networks with Few Multiplications},
  booktitle    = {ICLR},
  year         = {2016},
  url          = {http://arxiv.org/abs/1510.03009},
  timestamp    = {Wed, 17 Jul 2019 10:40:54 +0200},
  biburl       = {https://dblp.org/rec/journals/corr/LinCMB15.bib},
  bibsource    = {dblp computer science bibliography, https://dblp.org}
}

@inproceedings{DBLP:conf/icassp/LiuLWZY23,
  author       = {Bin Liu and
                  Fengfu Li and
                  Xiaogang Wang and
                  Bo Zhang and
                  Junchi Yan},
  title        = {Ternary Weight Networks},
  booktitle    = {{IEEE}-{ICASSP} },
  year         = {2023},
  url          = {https://doi.org/10.1109/ICASSP49357.2023.10094626},
  doi          = {10.1109/ICASSP49357.2023.10094626},
  timestamp    = {Fri, 02 Aug 2024 08:14:06 +0200},
  biburl       = {https://dblp.org/rec/conf/icassp/LiuLWZY23.bib},
  bibsource    = {dblp computer science bibliography, https://dblp.org}
}

@article{DBLP:journals/pnas/EsserMACAABMMBN16,
  author       = {Steven K. Esser and
                  Paul A. Merolla and
                  John V. Arthur and
                  Andrew S. Cassidy and
                  Rathinakumar Appuswamy and
                  Alexander Andreopoulos and
                  David J. Berg and
                  Jeffrey L. McKinstry and
                  Timothy Melano and
                  Davis R. Barch and
                  Carmelo di Nolfo and
                  Pallab Datta and
                  Arnon Amir and
                  Brian Taba and
                  Myron D. Flickner and
                  Dharmendra S. Modha},
  title        = {Convolutional networks for fast, energy-efficient neuromorphic computing},
  journal      = {PNAS},
  volume       = {113},
  number       = {41},
  pages        = {11441--11446},
  year         = {2016},
  url          = {https://doi.org/10.1073/pnas.1604850113},
  doi          = {10.1073/PNAS.1604850113},
  timestamp    = {Sat, 30 Sep 2023 10:23:51 +0200},
  biburl       = {https://dblp.org/rec/journals/pnas/EsserMACAABMMBN16.bib},
  bibsource    = {dblp computer science bibliography, https://dblp.org}
}

@inproceedings{DBLP:conf/nips/HubaraCSEB16,
  author       = {Itay Hubara and
                  Matthieu Courbariaux and
                  Daniel Soudry and
                  Ran El{-}Yaniv and
                  Yoshua Bengio},
  title        = {Binarized Neural Networks},
  booktitle    = {NeurIPS},
  year         = {2016},
  url          = {https://dl.acm.org/doi/10.5555/3157382.3157557},
  timestamp    = {Mon, 16 May 2022 15:41:51 +0200},
  biburl       = {https://dblp.org/rec/conf/nips/HubaraCSEB16.bib},
  bibsource    = {dblp computer science bibliography, https://dblp.org}
}

@article{DBLP:journals/corr/abs-2003-00146,
  author       = {Ahmed T. Elthakeb and
                  Prannoy Pilligundla and
                  Fatemehsadat Mireshghallah and
                  Tarek Elgindi and
                  Charles{-}Alban Deledalle and
                  Hadi Esmaeilzadeh},
  title        = {Gradient-Based Deep Quantization of Neural Networks through Sinusoidal
                  Adaptive Regularization},
  journal      = {CoRR},
  volume       = {abs/2003.00146},
  year         = {2020},
  url          = {https://arxiv.org/abs/2003.00146},
  eprinttype    = {arXiv},
  eprint       = {2003.00146},
  timestamp    = {Tue, 10 Mar 2020 13:33:48 +0100},
  biburl       = {https://dblp.org/rec/journals/corr/abs-2003-00146.bib},
  bibsource    = {dblp computer science bibliography, https://dblp.org}
}

@article{DBLP:journals/corr/abs-1809-00095,
  author       = {Yoojin Choi and
                  Mostafa El{-}Khamy and
                  Jungwon Lee},
  title        = {Learning Low Precision Deep Neural Networks through Regularization},
  journal      = {CoRR},
  volume       = {abs/1809.00095},
  year         = {2018},
  url          = {http://arxiv.org/abs/1809.00095},
  eprinttype    = {arXiv},
  eprint       = {1809.00095},
  timestamp    = {Fri, 05 Oct 2018 11:34:52 +0200},
  biburl       = {https://dblp.org/rec/journals/corr/abs-1809-00095.bib},
  bibsource    = {dblp computer science bibliography, https://dblp.org}
}

@article{DBLP:journals/corr/abs-1811-09862,
  author       = {Maxim Naumov and
                  Utku Diril and
                  Jongsoo Park and
                  Benjamin Ray and
                  Jedrzej Jablonski and
                  Andrew Tulloch},
  title        = {On Periodic Functions as Regularizers for Quantization of Neural Networks},
  journal      = {CoRR},
  volume       = {abs/1811.09862},
  year         = {2018},
  url          = {http://arxiv.org/abs/1811.09862},
  eprinttype    = {arXiv},
  eprint       = {1811.09862},
  timestamp    = {Fri, 30 Nov 2018 12:44:28 +0100},
  biburl       = {https://dblp.org/rec/journals/corr/abs-1811-09862.bib},
  bibsource    = {dblp computer science bibliography, https://dblp.org}
}

@article{DBLP:journals/corr/abs-1905-01416,
  author       = {Ahmed T. Elthakeb and
                  Prannoy Pilligundla and
                  Hadi Esmaeilzadeh},
  title        = {SinReQ: Generalized Sinusoidal Regularization for Automatic Low-Bitwidth
                  Deep Quantized Training},
  journal      = {CoRR},
  volume       = {abs/1905.01416},
  year         = {2019},
  url          = {http://arxiv.org/abs/1905.01416},
  eprinttype    = {arXiv},
  eprint       = {1905.01416},
  timestamp    = {Mon, 27 May 2019 13:15:00 +0200},
  biburl       = {https://dblp.org/rec/journals/corr/abs-1905-01416.bib},
  bibsource    = {dblp computer science bibliography, https://dblp.org}
}

@article{DBLP:journals/access/ChoiEL20,
  author       = {Yoojin Choi and
                  Mostafa El{-}Khamy and
                  Jungwon Lee},
  title        = {Learning Sparse Low-Precision Neural Networks With Learnable Regularization},
  journal      = {{IEEE} Access},
  volume       = {8},
  pages        = {96963--96974},
  year         = {2020},
  url          = {https://doi.org/10.1109/ACCESS.2020.2996936},
  doi          = {10.1109/ACCESS.2020.2996936},
  timestamp    = {Tue, 16 Jun 2020 17:15:30 +0200},
  biburl       = {https://dblp.org/rec/journals/access/ChoiEL20.bib},
  bibsource    = {dblp computer science bibliography, https://dblp.org}
}

@inproceedings{DBLP:conf/icml/Zhang0KALZ17,
  author       = {Hantian Zhang and
                  Jerry Li and
                  Kaan Kara and
                  Dan Alistarh and
                  Ji Liu and
                  Ce Zhang},
  title        = {ZipML: Training Linear Models with End-to-End Low Precision, and a
                  Little Bit of Deep Learning},
  booktitle    = {ICML},
  year         = {2017},
  url          = {http://proceedings.mlr.press/v70/zhang17e.html},
  timestamp    = {Tue, 12 Jan 2021 16:18:02 +0100},
  biburl       = {https://dblp.org/rec/conf/icml/Zhang0KALZ17.bib},
  bibsource    = {dblp computer science bibliography, https://dblp.org}
}

@inproceedings{DBLP:conf/nips/KrizhevskySH12,
  author       = {Alex Krizhevsky and
                  Ilya Sutskever and
                  Geoffrey E. Hinton},
  title        = {ImageNet Classification with Deep Convolutional Neural Networks},
  booktitle    = {NeurIPS},
  year         = {2012},
  url          = {https://proceedings.neurips.cc/paper/2012/hash/c399862d3b9d6b76c8436e924a68c45b-Abstract.html},
  timestamp    = {Mon, 16 May 2022 15:41:51 +0200},
  biburl       = {https://dblp.org/rec/conf/nips/KrizhevskySH12.bib},
  bibsource    = {dblp computer science bibliography, https://dblp.org}
}

@inproceedings{DBLP:conf/cvpr/SzegedyLJSRAEVR15,
  author       = {Christian Szegedy and
                  Wei Liu and
                  Yangqing Jia and
                  Pierre Sermanet and
                  Scott E. Reed and
                  Dragomir Anguelov and
                  Dumitru Erhan and
                  Vincent Vanhoucke and
                  Andrew Rabinovich},
  title        = {Going deeper with convolutions},
  booktitle    = {CVPR},
  year         = {2015},
  url          = {https://doi.org/10.1109/CVPR.2015.7298594},
  doi          = {10.1109/CVPR.2015.7298594},
  timestamp    = {Sun, 06 Oct 2024 20:59:18 +0200},
  biburl       = {https://dblp.org/rec/conf/cvpr/SzegedyLJSRAEVR15.bib},
  bibsource    = {dblp computer science bibliography, https://dblp.org}
}

@article{DBLP:journals/nature/LeCunBH15,
  author       = {Yann LeCun and
                  Yoshua Bengio and
                  Geoffrey E. Hinton},
  title        = {Deep learning},
  journal      = {Nature},
  volume       = {521},
  number       = {7553},
  pages        = {436--444},
  year         = {2015},
  url          = {https://doi.org/10.1038/nature14539},
  doi          = {10.1038/NATURE14539},
  timestamp    = {Mon, 08 Jun 2020 22:21:28 +0200},
  biburl       = {https://dblp.org/rec/journals/nature/LeCunBH15.bib},
  bibsource    = {dblp computer science bibliography, https://dblp.org}
}

@inproceedings{DBLP:conf/iccv/NagelBBW19,
  author       = {Markus Nagel and
                  Mart van Baalen and
                  Tijmen Blankevoort and
                  Max Welling},
  title        = {Data-Free Quantization Through Weight Equalization and Bias Correction},
  booktitle    = {ICCV},
  year         = {2019},
  url          = {https://doi.org/10.1109/ICCV.2019.00141},
  doi          = {10.1109/ICCV.2019.00141},
  timestamp    = {Thu, 05 Mar 2020 13:43:22 +0100},
  biburl       = {https://dblp.org/rec/conf/iccv/NagelBBW19.bib},
  bibsource    = {dblp computer science bibliography, https://dblp.org}
}

@inproceedings{DBLP:conf/icmcs/ZhuZL18,
  author       = {Xiaotian Zhu and
                  Wengang Zhou and
                  Houqiang Li},
  title        = {Adaptive Layerwise Quantization for Deep Neural Network Compression},
  booktitle    = {ICME},
  year         = {2018},
  url          = {https://doi.org/10.1109/ICME.2018.8486500},
  doi          = {10.1109/ICME.2018.8486500},
  timestamp    = {Fri, 24 Mar 2023 00:04:43 +0100},
  biburl       = {https://dblp.org/rec/conf/icmcs/ZhuZL18.bib},
  bibsource    = {dblp computer science bibliography, https://dblp.org}
}

@article{DBLP:journals/corr/abs-1805-06085,
  author       = {Jungwook Choi and
                  Zhuo Wang and
                  Swagath Venkataramani and
                  Pierce I{-}Jen Chuang and
                  Vijayalakshmi Srinivasan and
                  Kailash Gopalakrishnan},
  title        = {{PACT:} Parameterized Clipping Activation for Quantized Neural Networks},
  journal      = {CoRR},
  volume       = {abs/1805.06085},
  year         = {2018},
  url          = {http://arxiv.org/abs/1805.06085},
  eprinttype    = {arXiv},
  eprint       = {1805.06085},
  timestamp    = {Mon, 13 Aug 2018 16:46:20 +0200},
  biburl       = {https://dblp.org/rec/journals/corr/abs-1805-06085.bib},
  bibsource    = {dblp computer science bibliography, https://dblp.org}
}

@inproceedings{DBLP:journals/corr/abs-2005-14165,
  author       = {Tom B. Brown and
                  Benjamin Mann and
                  Nick Ryder and
                  Melanie Subbiah and
                  Jared Kaplan and
                  Prafulla Dhariwal and
                  Arvind Neelakantan and
                  Pranav Shyam and
                  Girish Sastry and
                  Amanda Askell and
                  Sandhini Agarwal and
                  Ariel Herbert{-}Voss and
                  Gretchen Krueger and
                  Tom Henighan and
                  Rewon Child and
                  Aditya Ramesh and
                  Daniel M. Ziegler and
                  Jeffrey Wu and
                  Clemens Winter and
                  Christopher Hesse and
                  Mark Chen and
                  Eric Sigler and
                  Mateusz Litwin and
                  Scott Gray and
                  Benjamin Chess and
                  Jack Clark and
                  Christopher Berner and
                  Sam McCandlish and
                  Alec Radford and
                  Ilya Sutskever and
                  Dario Amodei},
  title        = {Language Models are Few-Shot Learners},
  booktitle    = {NeurIPS},
  year         = {2020},
  url          = {https://arxiv.org/abs/2005.14165},
  timestamp    = {Thu, 25 May 2023 10:38:31 +0200},
  biburl       = {https://dblp.org/rec/conf/nips/BrownMRSKDNSSAA20.bib},
  bibsource    = {dblp computer science bibliography, https://dblp.org}
}

@ARTICLE{4051119,
  author={Huffman, David A.},
  journal={Proceedings of the IRE}, 
  title={A Method for the Construction of Minimum-Redundancy Codes}, 
  year={1952},
  volume={40},
  number={9},
  pages={1098-1101},
  keywords={Transmitters},
  doi={10.1109/JRPROC.1952.273898},
  url={https://ieeexplore.ieee.org/document/4051119}}

  @inproceedings{DBLP:conf/iclr/ChoiEL17,
  author       = {Yoojin Choi and
                  Mostafa El{-}Khamy and
                  Jungwon Lee},
  title        = {Towards the Limit of Network Quantization},
  booktitle    = {5th International Conference on Learning Representations, {ICLR} 2017,
                  Toulon, France, April 24-26, 2017, Conference Track Proceedings},
  publisher    = {OpenReview.net},
  year         = {2017},
  url          = {https://openreview.net/forum?id=rJ8uNptgl},
  timestamp    = {Thu, 25 Jul 2019 14:25:57 +0200},
  biburl       = {https://dblp.org/rec/conf/iclr/ChoiEL17.bib},
  bibsource    = {dblp computer science bibliography, https://dblp.org}
}

@inproceedings{DBLP:conf/iclr/YangWL20,
  author       = {Huanrui Yang and
                  Wei Wen and
                  Hai Li},
  title        = {DeepHoyer: Learning Sparser Neural Network with Differentiable Scale-Invariant
                  Sparsity Measures},
  booktitle    = {ICLR},
  year         = {2020},
  url          = {https://openreview.net/forum?id=rylBK34FDS},
  timestamp    = {Thu, 12 Aug 2021 18:47:47 +0200},
  biburl       = {https://dblp.org/rec/conf/iclr/YangWL20.bib},
  bibsource    = {dblp computer science bibliography, https://dblp.org}
}